<?xml version="1.0" encoding="UTF-8"?><collection xmlns="http://www.loc.gov/MARC21/slim"><record><leader>00688nam--2200217-u-4500</leader><controlfield tag="001">000050668</controlfield><controlfield tag="002">20161230</controlfield><controlfield tag="005">20161230201048</controlfield><controlfield tag="008">080310s1000------------r-----000-0-eng-d</controlfield><datafield ind1=" " ind2=" " tag="020"><subfield code="a">978-3-527-40681-4</subfield></datafield><datafield ind1=" " ind2=" " tag="040"><subfield code="a">IFIN-HH</subfield></datafield><datafield ind1=" " ind2=" " tag="080"><subfield code="a">533.95:533.7</subfield></datafield><datafield ind1="1" ind2=" " tag="100"><subfield code="a">Smirnov,Boris M</subfield></datafield><datafield ind1="1" ind2="0" tag="245"><subfield code="a">Plassma Processes and Plasma Kinetics</subfield><subfield code="b">586 Worked Out Problems for Science and Technology</subfield><subfield code="c">Boris M. Smirnov</subfield></datafield><datafield ind1=" " ind2=" " tag="260"><subfield code="a">Weinheim</subfield><subfield code="b">Wiley-VCH Verlag GmbH &amp; Co. KGaA</subfield><subfield code="c">2007</subfield></datafield><datafield ind1=" " ind2=" " tag="300"><subfield code="a">572 p</subfield></datafield><datafield ind1=" " ind2=" " tag="490"><subfield code="a">Physics Textbook</subfield></datafield><datafield ind1=" " ind2=" " tag="504"><subfield code="a">Includes Bibliographical References and Index</subfield></datafield><datafield ind1=" " ind2="4" tag="650"><subfield code="a">Elementary Processes in Plasma</subfield></datafield><datafield ind1=" " ind2=" " tag="852"><subfield code="a">82081</subfield><subfield code="c">533.9</subfield></datafield><datafield ind1=" " ind2=" " tag="CAT"><subfield code="a">Sys</subfield><subfield code="c">20101005</subfield><subfield code="h">104241</subfield></datafield></record></collection>